


@book{pct23,
title = {{Introduction Manual, PCT23-MkII Process Plant Trainer}},
publisher = {Armfield},
year = {2007}
}


@book{Liptak,
	author = {Bela G. Liptak},
	title = {Instrument Engineers' Handbook},
	volume = {2: Process Control and Optimization},
	edition={4},
	publisher = {CRC Press},
	year = {2005},
	address = {London},
} 


@book{M00,
	author = {J. Maciejowski},
	title = {{Predictive Control with Constraints}},
	publisher = {Prentice Hall},
	year = {2000},
	address = {London},
} 




@book{MF08,
author = {J. Mikle≈° and M. Fikar},
title = {{Process Modelling, Identification, and Control}},
publisher = {Springer},
year = {2007}
}


@book{Rawlings,
	author = {J. B. Rawlings and D. Q. Mayne and M. M. Diehl},
	title = {Model Predictive Control: Theory, Computation, and Design},	
	edition={2},
	year = {2019},
} 

@inproceedings{OB16c,
	author	=	{J. Oravec and M. Bako\v{s}ov\'a},
	title	=	{Soft Constraints in the Robust MPC Design via LMIs},
	booktitle	=	{American Control Conference},
	year	=	{2016},
	pages	=	{3588-3593},
	address	=	{Boston, Massachusetts, USA},
	month	=	{6.-8.7.2016}
} 


@inproceedings{mpt_conf,
	author		= {M. Herceg and M. Kvasnica and C. Jones and M. Morari},
	title		= {Multi-Parametric Toolbox 3.0},
	booktitle	= {European Control Conference},
	pages		= {502-510},
	year		= {2013}

}

@article{Bemporad_automatica,
    author =       {A. Bemporad and M. Morari and V. Dua and E. N. Pistikopoulos},
    title     =       {The explicit linear quadratic regulator for constrained systems},
    journal =      {Automatica},
    volume =       {38},
    pages =        {3-20},
    year =         {2002}
}

@article{Ruscio_MPC_integral,
    author =       {D. Di Ruscio},
    title     =       {Model Predictive Control with Integral Action: A simple MPC algorithm},
    journal =      {Modeling, Identification and Control},
    volume =       {34},
    pages =        {119-129},
    number =      {3},
    year =         {2013}
}